<?xml version="1.0" encoding="UTF-8" ?>
<collection xmlns:xsi="http://www.w3.org/2001/XMLSchema-instance" xsi:schemaLocation="http://www.loc.gov/MARC21/slim http://www.loc.gov/standards/marcxml/schema/MARC21slim.xsd" xmlns="http://www.loc.gov/MARC21/slim">
   <record>
      <leader>     mam a22      a 4500</leader>
      <controlfield tag="001">1685233</controlfield>
      <controlfield tag="003">COO</controlfield>
      <controlfield tag="005">20140824233744.0</controlfield>
      <controlfield tag="008">910729s1952    ua b    r     000 0 araod</controlfield>
      <datafield tag="035" ind1=" " ind2=" ">
         <subfield code="a">(NIC)notisAHX3591</subfield>
      </datafield>
      <datafield tag="035" ind1=" " ind2=" ">
         <subfield code="a">(OCoLC)63979956</subfield>
      </datafield>
      <datafield tag="035" ind1=" " ind2=" ">
         <subfield code="a">1685233</subfield>
      </datafield>
      <datafield tag="040" ind1=" " ind2=" ">
         <subfield code="a">NIC</subfield>
         <subfield code="c">NIC</subfield>
      </datafield>
      <datafield tag="100" ind1="1" ind2=" ">
         <subfield code="a">Rāfiʻī, ʻAbd al-Raḥmān.</subfield>
      </datafield>
      <datafield tag="245" ind1="1" ind2="0">
         <subfield code="a">ʻUrābī :</subfield>
         <subfield code="b">al-zaʻīm al-thāʼir /</subfield>
         <subfield code="c">taʼlīf ʻAbd al-Raḥmānal-Rāfiʻī.</subfield>
      </datafield>
      <datafield tag="260" ind1=" " ind2=" ">
         <subfield code="a">[Cairo] :</subfield>
         <subfield code="b">Dār al-Hilāl,</subfield>
         <subfield code="c">1952.</subfield>
      </datafield>
      <datafield tag="300" ind1=" " ind2=" ">
         <subfield code="a">223 p. :</subfield>
         <subfield code="b">port. ;</subfield>
         <subfield code="c">17 cm.</subfield>
      </datafield>
      <datafield tag="533" ind1=" " ind2=" ">
         <subfield code="a">Photocopy.</subfield>
         <subfield code="b">Ithaca, N.Y. :</subfield>
         <subfield code="c">Cornell University Library,</subfield>
         <subfield code="d">1993.</subfield>
         <subfield code="e">18 cm.</subfield>
      </datafield>
      <datafield tag="600" ind1="1" ind2="0">
         <subfield code="a">ʻUrābī, Aḥmad,</subfield>
         <subfield code="d">1840 or 1841-1911.</subfield>
      </datafield>
      <datafield tag="905" ind1=" " ind2=" ">
         <subfield code="a">19960813120000.0</subfield>
      </datafield>
      <datafield tag="903" ind1=" " ind2=" ">
         <subfield code="a">NYUACO</subfield>
         <subfield code="d">20141028</subfield>
         <subfield code="p">31924074300603</subfield>
      </datafield>
      <datafield tag="950" ind1=" " ind2=" ">
         <subfield code="a">DT107.4</subfield>
         <subfield code="b">.R13 1952a</subfield>
         <subfield code="v"> </subfield>
      </datafield>
   </record>
</collection>
